@misc{UNICAMP,
  title = {{UNICAMP} O que são Dados ?},
  howpublished = {\url{https://www.ime.unicamp.br/~hildete/dados.pdf}},
  note = {Accessed: 23/04/2019}
}

@misc{UNIPAR,
  title = {{UNIPAR} Importância do Banco de Dados},
  howpublished = {\url{web.unipar.br/~seinpar/2015/_include/artigos/Julio_Fernandes_Rocha.pdf}},
  note = {Accessed: 20/04/2019}
}

@misc{FATEC,
  title = {{FATEC} Vantagens do uso de um Banco de Dados},
  howpublished = {\url{http://www.fatecsp.br/dti/tcc/tcc0025.pdf}},
  note = {Accessed: 22/04/2019}
}



