@article{ProfessorFernandodeSiqueira,
author = {Professor Fernando de Siqueira},
title = {Conceitos de computação gráfica},
}
@book{Isabel,
author = {Isabel Harb Manssour e Marcelo Cohen},
title = {Introdução à Computação Gráfica},
year = {2006}
}
@figure{glassy,
author = {Wikipédia - https://pt.wikipedia.org},
}
@site{lapix,
author = {http://www.lapix.ufsc.br},
}