@book{ref1,
  author    = {Michael Coperland}, 
  title     = {Whatâ€™s the Difference Between Artificial Intelligence, Machine Learning, and Deep Learning?},
  publisher = {Nvidia},
  year      = {2016},
  address   = {https://blogs.nvidia.com/blog/2016/07/29/whats-difference-artificial-intelligence-machine-learning-deep-learning-ai/},
  month     = {July},
 
}