@misc{a,
 title = {Projeto Pedagógico do Curso de  
 Ciência da Computação},
 howpublished = {\url{http://sites.ufca.edu.br/computacao/wp-content/uploads/sites/116/2019/01/PPC}},
 note = {Accessed: 2019-04-23}
}