@misc{DEVMEDIA,
  title = {{DEVMÉDIA} Conceitos Fundamentais de Banco de Dados},
  howpublished = {\url{https://www.devmedia.com.br/conceitos-fundamentais-de-banco-de-dados/1649}},
  note = {Accessed: 16/04/2019}
}

@misc{aprendaplsql,
  title = {{aprendaplsql} O que é um Banco de Dados e porque ele é tão Importante},
  howpublished = {\url{http://aprendaplsql.com/oracle/o-que-e-um-banco-de-dados/}},
  note = {Accessed: 16/04/2019}
}

@misc{EHGOMES,
  title = {{EHGOMES} Sistema Gerenciador de Banco de Dados
Uma visão geral de SGBD, seus tipos, usuários e o Modelo Relacional.},
  howpublished = {\url{http://ehgomes.com.br/disciplinas/bdd/sgbd.php}},
  note = {Accessed: 16/04/2019}
}