@misc{ppc,
 title   ={Projeto Pedagógico do Curso de Ciência da Computação da Universidade Federal do Cariri},
 url     ={http://sites.ufca.edu.br/computacao/wp-content/uploads/sites/116/2019/01/PPC-Ci%C3%AAncia-da-Computa%C3%A7%C3%A3o.pdf},
 organization={UFCA},
 urlaccessdate={23 abr. 2019}
}
@misc{redes,
 title   ={Site Redes de computadores: O que são e quais os principais tipos?},
 url     ={https://netsupport.com.br/blog/redes-de-computadores/},
 organization={Netsuport},
 urlaccessdate={23 abr. 2019}
}