@site{ref1,
author={https://www.portaleducacao.com.br/},
}
@site{ref2,
author={https://www.hostgator.com.br/blog},
}
@article{ref3,
author={Caio Augusto Amorim},
title={Desenvolvimento: a importância dos padrões na web},
}