@misk{Projeto,
  title={Projeto Pedagógico do Curso de  
Ciência da Computação},
  url={http://sites.ufca.edu.br/computacao/wp-content/uploads/sites/116/2019/01/PPC-Ci%C3%AAncia-da-Computa%C3%A7%C3%A3o.pdf},
  year={2018}
}
@book{Estrutura,
  title={Estrutura de Dados
com Algoritmos e C},
  author={Marcos Aurelio Pchek Laureano},
  url={http://www.mlaureano.org/livro/livro_estrutura_conta.pdf},
  year={2012}
}
@misk{Wiki,
  title={Estrutura de dados},
  url={https://pt.wikipedia.org/wiki/Estrutura_de_dados},
}
