@misc{eng1,
 title   ={O que é, o que faz (e como se tornar) um engenheiro de software},
 url     ={https://www.napratica.org.br/profissao-engenheiro-de-software/},
 organization={Suria Barbosa},
 urlaccessdate={11 apr. 2019}
}
@misc{eng2,
 title   ={The Best Jobs in IT in 2017},
 url     ={it.careercast.com/jobs-rated/2017-best-jobs-it?page=1},
 organization={Careercast},
 urlaccessdate={11 apr. 2019}
}
@misc{eng3,
 title   ={Qual é a importância da engenharia de software no desenvolvimento de sistemas},
 url     ={www.passeidireto.com/arquivo/43184045/qual-e-a-importancia-da-engenharia-de-software-no-desenvolvimento-de-sistemas},
 organization={Letícia},
 urlaccessdate={11 apr. 2019}
}
@misc{eng4,
 title   ={A Essencialidade da Engenharia de Software},
 url     ={www.devmedia.com.br/a-essencialidade-da-engenharia-de-software/24833},
 organization={Lucas},
 urlaccessdate={11 apr. 2019}
}
@article{PPCcc1,
 author  ={Maxwell Guimarães de Oliveira; Paulo Renato Alves Firmino; Rafael Perazzo Barbosa Mota; Roberto Hugo Wanderley Pinheiro; Thiago Braga Marcilon; Vicente Helano; Feitosa Batista Sobrinho; Darnel Amaro dos Santos Fernandes; Francisco Ildisvan de Araújo; Herbert Novais Onofre; Pablo Diego Alencar Cardoso; Taciano Pinheiro de Almeida Alcântara; Antonio Batista de Lima Filho; Rodolfo Jakov Saraiva Lôbo},
 title   ={Projeto Pedagógico do Curso de
Ciência da Computação},
 pages   ={6-7},
 url     ={https://www.ufca.edu.br/portal/files/2018/proen/3_3-PPC_Cincia_da_Computao_VERSO_FINAL-19-09-18.pdf},
 urlaccessdate={11 apr. 2019},
 year    =2018
}
@article{PPCcc2,
 author  ={Maxwell Guimarães de Oliveira; Paulo Renato Alves Firmino; Rafael Perazzo Barbosa Mota; Roberto Hugo Wanderley Pinheiro; Thiago Braga Marcilon; Vicente Helano; Feitosa Batista Sobrinho; Darnel Amaro dos Santos Fernandes; Francisco Ildisvan de Araújo; Herbert Novais Onofre; Pablo Diego Alencar Cardoso; Taciano Pinheiro de Almeida Alcântara; Antonio Batista de Lima Filho; Rodolfo Jakov Saraiva Lôbo},
 title   ={Projeto Pedagógico do Curso de
Ciência da Computação},
 pages   ={21},
 url     ={https://www.ufca.edu.br/portal/files/2018/proen/3_3-PPC_Cincia_da_Computao_VERSO_FINAL-19-09-18.pdf},
 urlaccessdate={11 apr. 2019},
 year    =2018
 }
 @article{PPCcc3,
 author  ={Maxwell Guimarães de Oliveira; Paulo Renato Alves Firmino; Rafael Perazzo Barbosa Mota; Roberto Hugo Wanderley Pinheiro; Thiago Braga Marcilon; Vicente Helano; Feitosa Batista Sobrinho; Darnel Amaro dos Santos Fernandes; Francisco Ildisvan de Araújo; Herbert Novais Onofre; Pablo Diego Alencar Cardoso; Taciano Pinheiro de Almeida Alcântara; Antonio Batista de Lima Filho; Rodolfo Jakov Saraiva Lôbo},
 title   ={Projeto Pedagógico do Curso de
Ciência da Computação},
 pages   ={89},
 url     ={https://www.ufca.edu.br/portal/files/2018/proen/3_3-PPC_Cincia_da_Computao_VERSO_FINAL-19-09-18.pdf},
 urlaccessdate={11 apr. 2019},
 year    =2018
 }