@book{1,
  author    = { Flávio Soares Corrêa Da Silva, Marcelo Finger, Ana Cristina Vieira De Melo}, 
  title     = {Lógica Para Computação},
  publisher = {Cengage Learning},
  year      = {2016},
}
@book{2,
  author    = {Paulo Blauth Menezes}, 
  title     = {Matemática Discreta para Computação e Informática},
  publisher = {Bookman},
  year      = {2013},
}
@book{3,
  author    = {João Nunes De Souza}, 
  title     = {Lógica Para Ciência da Computação e Áreas Afins},
  publisher = {Elsevier},
  year      = {2014},
}