@article{r1,
  author    = {Stuart Russel and Peter Norvig}, 
  title     = {Inteligência Artificial},
  publisher = {Elsevier},
  year      = {2013},
  edition   = {3a edição},
  note      = {Stuart J. Russel é bacharelado em Física pela universidade de Oxford (1982), doutor em Ciência da Computação por Stanford, professor da universidade da Califórnia, em Berkley, e vencedor do Prêmio Presidencial ao Jovem Cientista.},
  isbn      = {978-85-352-3701-6}
}

@article{r2,
  author    = {Peter Norvig},
  title     = {Inteligência Artificial},
  publisher = {Elsevier},
  year      = {2013},
  edition   = {3a edição},
  note      = {Bacharelado em Matemática pela Universidade de Brown e doutor em Ciência da Computação pela Universidade da Califórnia, em Berkeley. Atualmente é diretor de Pesquisa na Google, Inc. tendo atuado como o diretor responsável pelos algoritmos de busca do núcleo da Web de 2002 até 2005. Foi vencedor dos prêmios Distinguished Alumni e Engineering Innovation de Berkeley e a Exceptional Achievement Medal da NASA. É também autor de diversos livros como Paradigms of AI Programming: Case Studies in Common Lisp, Verbmobil: A Translation System for Face-to-Face Dialog, e Intelligent Help Systems for UNIX.}
}