@misc{ppc,
 title   ={Projeto Pedagógico do Curso de  
Ciência da Computação},
 url     ={http://sites.ufca.edu.br/computacao/wp-content/uploads/sites/116/2019/01/PPC-Ci%C3%AAncia-da-Computa%C3%A7%C3%A3o.pdf},
 organization={AbnTeX},
 urlaccessdate={23 abr. 2019}
}
@misc{Alctel,
 title   ={Redes convergentes},
 url     ={https://www.alctel.com.br/blog/redes-convergentes-conheca-as-principais-vantagens-de-sua-utilizacao/},
 organization={AbnTeX},
 urlaccessdate={23 abr. 2019}
}
@misc{Import,
 title   ={Importância das Redes},
 url     ={http://gutoffc.blogspot.com/2009/04/importancia-das-redes-de-computadores.html},
 organization={AbnTeX},
 urlaccessdate={23 abr. 2019}
}