@book{J,
  author    = {Judith L. Gersting}, 
  title     = {Mathematical Structures for Computer Science},
  publisher = {W. H. Freeman},
  year      = {2014},
  volume    = {},
  series    = {},
  address   = {},
  edition   = {7},
  month     = {January},
  note      = {},
  isbn      = {1429215100}
}

@misc{tg,
  title = {Teoria dos Grafos},
  howpublished = {\url{encurtador.com.br/tuCJ6}},
  note = {Accessed: 2019-04-23}
}

@book{RS,
  author    = {Robert Sedgewick}, 
  title     = {Algorithms in C},
  publisher = {Addison-Wesley Professional},
  year      = {1988},
  volume    = {},
  series    = {},
  address   = {},
  edition   = {2},
  month     = {April},
  note      = {},
  isbn      = {0201066734}
}