@BOOK{Stuart,
AUTHOR =       {Stuart J. Russell and Peter Norvig},
TITLE =        {Inteligência Artificial},
PUBLISHER =    {Elsevier},
YEAR =         {2013},
edition =       {3ª},
}

@BOOK{PPC,
AUTHOR =       {Universidade Federal do Cariri},
TITLE =        {Projeto Pedagógico do Curso de Ciência da Computação},
PUBLISHER =    {Universidade Federal do Cariri},
YEAR =         {2015},
}

@online{AIS,
  author = {Ray Wang},
  title = {Monday’s Musings: Understand The Spectrum Of Seven Artificial Intelligence Outcomes},
  year = 2016,
  url = {http://blog.softwareinsider.org/2016/09/18/mondays-musings-understand-spectrum-seven-artificial-intelligence-outcomes/},
  urldate = {2019-04-15}
}

@online{ohio,
  author = {The Ohio State University Department of Computer Science and Engineering},
  title = {Artificial Intelligence},
  url = {https://cse.osu.edu/research/artificial-intelligence},
  urldate = {2019-04-15}
}