@online{einstein,
    title =        "http://wiki.inf.ufpr.br/maziero/doku.php?id=socm:start",
    year =         "1905",
    DOI =          "http://wiki.inf.ufpr.br/maziero/doku.php?id=socm:start"
}

@online{albert,
    title =        "http://sites.ufca.edu.br/computacao/wp-content/uploads/sites/116/2019/01/PPC-Ci%C3%AAncia-da-Computa%C3%A7%C3%A3o.pdf",
    year =         "1905",
    DOI =          "https://sites.google.com/site/introcompufca20191/latex"
}

@online{lisa,
    title =        "http://itbooksbrasil.orgfree.com/"
    year =         "1905",
    DOI =          "http://itbooksbrasil.orgfree.com/"
}




