@article{Kurt,
    author =       "Kurt Nørmark",
    title =        "{Object-oriented Programming in C sharp for C and Java programmers.}. ({Denmark})",
    year =         "http://people.cs.aau.dk/~normark/oop-csharp/html/notes/theme-index.html",
    url =          "http://people.cs.aau.dk/~normark/oop-csharp/html/notes/theme-index.html"
}
@article{Jackson,
    author =       "Jackson Pires",
    title =        "{O que é Programação Orientada a Objetos e porque você precisa saber!}. ({Brasil})",
    year =         "https://becode.com.br/programacao-orientada-a-objetos-poo/",
    url =          "https://becode.com.br/programacao-orientada-a-objetos-poo/",
}
@article{wiki,
    author =       "Wikipédia",
    title =        "{Orientação a objetos}. ({Brasil})",
    year =         "https://pt.wikipedia.org/wiki/Orienta%C3%A7%C3%A3o_a_objetos",
    url =          "https://pt.wikipedia.org/wiki/Orienta%C3%A7%C3%A3o_a_objetos",
}
