@misc{dsi,
 title   ={http://www3.dsi.uminho.pt/pimenta/iiee/repos/AEDados.pdf},
 organization={DSI},
 url     ={http://www3.dsi.uminho.pt/pimenta/iiee/repos/AEDados.pdf},
 organization={DSI},
 urlaccessdate={23 abr. 2019}
}
@misc{UFCA,
 title   ={https://www.ufca.edu.br/portal/files/2018/proen/3\_3-PPC\_Cincia\_da\_Computao\_VERSO\_FINAL-19-09-18.pdf},
 url     ={https://www.ufca.edu.br/portal/files/2018/proen/3\_3-PPC\_Cincia\_da\_Computao\_VERSO\_FINAL-19-09-18.pdf},
 organization={UFCA},
 urlaccessdate={23 abr. 2019}
}